@book{herzog2021simulation,
  title={Simulation mit dem Warteschlangensimulator},
  author={Herzog, Alexander},
  year={2021},
  publisher={Springer},
  location={Wiesbaden},
  doi={10.1007/978-3-658-34668-3}
}

@software{warteschlangensimulator,
  title={Warteschlangensimulator},
  author={Herzog, Alexander},
  year={2017},
  url={https://a-herzog.github.io/Warteschlangensimulator},
  doi={10.5281/zenodo.12606913}
}